<record><leader>00000cas a22000007a 4500</leader><controlfield tag="001">9379409</controlfield><controlfield tag="008">830406d18481855meuwr ne      0    0eng  </controlfield><datafield ind1=" " ind2=" " tag="010"><subfield code="a">sn 83016070 </subfield></datafield><datafield ind1=" " ind2=" " tag="040"><subfield code="a">DLC</subfield><subfield code="b">eng</subfield><subfield code="c">DLC</subfield><subfield code="d">NPX</subfield><subfield code="d">NPU</subfield><subfield code="d">DLC</subfield><subfield code="d">ONP</subfield><subfield code="d">MBN</subfield><subfield code="d">OCL</subfield><subfield code="d">OCLCG</subfield><subfield code="d">OCLCO</subfield><subfield code="d">OCLCQ</subfield><subfield code="d">OCLCF</subfield></datafield><datafield ind1=" " ind2=" " tag="019"><subfield code="a">823036735</subfield></datafield><datafield ind1="1" ind2=" " tag="029"><subfield code="a">AU@</subfield><subfield code="b">000025835064</subfield></datafield><datafield ind1=" " ind2=" " tag="042"><subfield code="a">msc</subfield></datafield><datafield ind1=" " ind2=" " tag="043"><subfield code="a">n-us-me</subfield></datafield><datafield ind1="0" ind2="0" tag="050"><subfield code="a">Newspaper 8007-X</subfield></datafield><datafield ind1="0" ind2="0" tag="245"><subfield code="a">Portland inquirer.</subfield></datafield><datafield ind1="1" ind2="3" tag="246"><subfield code="a">Portland inquirer and Bangor platform</subfield><subfield code="f">June 12, 1849</subfield></datafield><datafield ind1=" " ind2=" " tag="260"><subfield code="a">Portland, Me. :</subfield><subfield code="b">Brown Thurston</subfield></datafield><datafield ind1=" " ind2=" " tag="300"><subfield code="a">v.</subfield></datafield><datafield ind1=" " ind2=" " tag="310"><subfield code="a">Weekly</subfield></datafield><datafield ind1="1" ind2=" " tag="362"><subfield code="a">Began in 1848.</subfield></datafield><datafield ind1="0" ind2=" " tag="362"><subfield code="a">-v. 18, no. 40 (Oct. 4, 1855).</subfield></datafield><datafield ind1=" " ind2=" " tag="500"><subfield code="a">"Free Soil."</subfield></datafield><datafield ind1=" " ind2=" " tag="500"><subfield code="a">Published as: Portland inquirer and Bangor platform, &lt;June 12, 1849&gt;.</subfield></datafield><datafield ind1=" " ind2=" " tag="500"><subfield code="a">Published simultaneously at Portland and Bangor, &lt;June 12&gt;-Dec. 12, 1849.</subfield></datafield><datafield ind1=" " ind2=" " tag="500"><subfield code="a">Proprietors: Willey &amp; Thurston, &lt;1851-1852&gt;; Austin Willey, &lt;1854-1855&gt;.</subfield></datafield><datafield ind1=" " ind2=" " tag="500"><subfield code="a">Editors: John Q. Day, Asa Walker, &lt;1849&gt;; Austin Willey, &lt;1851-1854&gt;.</subfield></datafield><datafield ind1=" " ind2=" " tag="580"><subfield code="a">Merged with: Maine temperance journal, to form: Journal and inquirer.</subfield></datafield><datafield ind1=" " ind2=" " tag="588"><subfield code="a">Description based on: No. 1 (Aug. 8, 1848).</subfield></datafield><datafield ind1=" " ind2="0" tag="651"><subfield code="a">Portland (Me.)</subfield><subfield code="v">Newspapers.</subfield></datafield><datafield ind1=" " ind2="0" tag="651"><subfield code="a">Bangor (Me.)</subfield><subfield code="v">Newspapers.</subfield></datafield><datafield ind1=" " ind2="7" tag="655"><subfield code="a">Newspapers.</subfield><subfield code="2">fast</subfield><subfield code="0">(OCoLC)fst01423814</subfield></datafield><datafield ind1=" " ind2="7" tag="651"><subfield code="a">Maine</subfield><subfield code="z">Bangor.</subfield><subfield code="2">fast</subfield><subfield code="0">(OCoLC)fst01207512</subfield></datafield><datafield ind1=" " ind2="7" tag="651"><subfield code="a">Maine</subfield><subfield code="z">Portland.</subfield><subfield code="2">fast</subfield><subfield code="0">(OCoLC)fst01213254</subfield></datafield><datafield ind1="1" ind2=" " tag="700"><subfield code="a">Day, John Q.</subfield></datafield><datafield ind1="1" ind2=" " tag="700"><subfield code="a">Walker, Asa.</subfield></datafield><datafield ind1="1" ind2=" " tag="700"><subfield code="a">Willey, Austin,</subfield><subfield code="d">1806-1896.</subfield></datafield><datafield ind1=" " ind2=" " tag="752"><subfield code="a">United States</subfield><subfield code="b">Maine</subfield><subfield code="c">Cumberland</subfield><subfield code="d">Portland.</subfield></datafield><datafield ind1=" " ind2=" " tag="752"><subfield code="a">United States</subfield><subfield code="b">Maine</subfield><subfield code="c">Penobscot</subfield><subfield code="d">Bangor.</subfield></datafield><datafield ind1="0" ind2="5" tag="780"><subfield code="t">Free Soil Republican</subfield><subfield code="g">1849</subfield><subfield code="w">(DLC)sn 83021294</subfield></datafield><datafield ind1="1" ind2="7" tag="785"><subfield code="t">Maine temperance journal</subfield><subfield code="w">(DLC)sn 86063263</subfield></datafield><datafield ind1="1" ind2="7" tag="785"><subfield code="t">Journal and inquirer</subfield><subfield code="w">(DLC)sn 83016069</subfield></datafield></record>